@misc{aiplan4eu,
  title={AIPlan4EU},
  howpublished = "\url{https://www.aiplan4eu-project.eu}",
}

@misc{tornado,
  title={Tornado},
  howpublished = "\url{https://www.tornadoweb.org/en/stable/}",

}

@misc{choregraphe,
  title={Choregraphe Suite},
  howpublished = "\url{http://doc.aldebaran.com/25/software/choregraphe/index.html}",
}

@misc{naoqi,
  title={NAOqi},
  howpublished = "\url{http://doc.aldebaran.com/2-5/index_dev_guide.html}",
}

@misc{pepper,
  title={Pepper},
  howpublished = "\url{http://doc.aldebaran.com/2-5/home_pepper.html}",
}

@incollection{minizinc,
  title={Modeling and Solving the Rush Hour puzzle},
  author={Cian, Lorenzo and Dreossi, Talissa and Dovier, Agostino},
  booktitle={CILC 2022: 37th Italian Conference on Computational Logic},
  year={2022}
}

@incollection{genetic,
  title={GP-Rush: Using Genetic Programming to Evolve Solvers for the Rush Hour Puzzle},
  author={Hauptman,Ami and  Elyasaf, Achiya and Sipper, Moshe and Karmon, Assaf},
  booktitle={11th Annual Genetic and Evolutionary Computation Conference},
  year={2009}
}

@incollection{jointAction,
  title={Joint Action, Adaptation, and Entrainment in Human-Robot Interaction},
  author={Fourie, Christopher and Figueroa, Nadia and Shah, Julie and Bieńkiewicz, Marta and Bardy, Benoît and Burdet, Etienne and Singamaneni, Phani Teja and Alami, Rachid and Curioni, Arianna and Knoblich, Günther and Johal, Wafa and Sternad, Dagmar and Jung, Malte},
  booktitle={17th ACM/IEEE International Conference on Human-Robot Interaction (HRI)}, 
  year={2022}
}

@incollection{matsumoto,
  title={Fragile Robot: The Fragility of Robots Induces User Attachment to Robots},
  author={Matsumoto, Mitsuharu},
  booktitle={International Journal of Mechanical Engineering and Robotics Research}, 
  year={2021}
}